@techreport{misc:multiparadigm,
	author="Martin Grabmüller",
	title="Multiparadigmen-Programmiersprachen",
	institution="Technische Universität Berlin",
	year=2003
}


@techreport{oss:schmeisser,
	author="Johannes Schmeißer",
	title="Open-Source-Software-Entwicklung im Informatikunterricht",
	institution="Freie Universität Berlin",
	year=2006
}

@techreport{oss:critics,
	author="Susanne Richter",
	title="Critique for the Open Source Development Model",
	institution="Freie Universität Berlin",
	year=2005
}


@techreport{schwill1,
	author="Andreas Schwill",
	title="Fundamentale Ideen der Informatik",
	institution="Universität Oldenburg",
	year=1993
}

@techreport{schwill2,
	author="Andreas Schwill",
	title="Fundamentale Ideen: Eine Studie zur Methodologie der Informatik",
	institution="Universität Paderborn",
	year=1994
}

@techreport{python:performance,
	author="Gene Hsiao, Stephen Jenks",
	title="High Performance Computing With Scripting Languages",
	institution="University of California",
}

@techreport{zope:reportcurriculum,
	author="D. Robert Adams",
	title="Teaching Web Application Development Using Zope",
	institution="Grand Valley State University",
	year=2004
}

@inproceedings{misc:difficulties,
 author = {Essi Lahtinen and Kirsti Ala-Mutka and Hannu-Matti Järvinen},
 title = {A study of the difficulties of novice programmers},
 booktitle = {ITiCSE '05: Proceedings of the 10th annual SIGCSE conference on Innovation and technology in computer science education},
 year = {2005},
 isbn = {1-59593-024-8},
 pages = {14--18},
 location = {Caparica, Portugal},
 doi = {http://doi.acm.org/10.1145/1067445.1067453},
 publisher = {ACM Press},
 address = {New York, NY, USA},
 }

@techreport{oss:osseducation,
	author="Timothy D. Hart",
	title="Open Source in Education",
	institution="University of Maine",
	year=2003
}

@techreport{python:dbc,
	author="R. Plösch",
	title="Design by Contract for Python",
	institution="Johannes Kepler Universität Linz",
	year=1997
}

@techreport{misc:swe,
	author="Robert Stoyan und Martin Glinz",
	title="Methoden und Techniken zum Erreichen didaktischer Ziele in Software-Engineering-Praktika",
	institution="Institut für Informatik der Universität Zürich",
	year=2005
}

@techreport{misc:reverseengineering,
	author="Klaus Bothe, Ulrich Sacklowski",
	title="Praxisnähe durch Reverse Engineering-Projekte: Erfahrungen und Verallgemeinerungen",
	institution="Humboldt-Universität zu Berlin",
	year=2001
}

@techreport{misc:vorlesung,
	author="Sigrid Schubert",
	title="Begleitmaterial zur Vorlesung Einführung in die Didaktik der Informatik",
	institution="Universität Dortmund",
	year=1999
}


@techreport{python:algo1,
	author="Nils Adermann",
	title="Die Definition des Algorithmusbegriffs und Darstellung der wesentlichen Merkmale eines Algorithmus an ausgesuchten Beispielen",
	institution="Burggymnasium Essen",
	year=2005
}

@book {misc:mathe,
	author="Peter Hartmann",
	title="Mathematik für Informatiker",
	publisher="vieweg",
	year=2003
}

@book {python:thinkCS,
	author="Allen Downey, Jeffrey Elkner, Chris Meyers",
	title="How to Think Like a Computer Scientist- Learning with Python",
	publisher="Green Tea Press",
	year=2002
}



@book {misc:aopspring,
	author="Craig Walls, Ryan Breidenbach",
	title="Spring in Action",
	publisher="Manning",
	year=2005
}

@book {python:programming_python,
	author="Mark Lutz",
	title="Programming Python",
	publisher="O'Reilly Media",
	year=2006,
	isbn = 0596009259
}

@book {python:cookbook,
	author="Alex Martelli, David Ascher, Anna Ravenscroft",
	title="Python Cookbook",
	publisher="O'Reilly Media",
	year=2005,
	isbn = 0596007973
}

@book {python:diveinto,
	author="Mark Pilgrim",
	title="Dive Into Python",
	publisher="Apress",
	year=2004,
	isbn = 1590593561
}

@book{Balzert2004, 
	title = {Lehrbuch der Objektmodellierung.}, 
	publisher = {Spektrum-Akademischer Vlg}, 
	year = {2004}, 
	author = {Heide Balzert}, 
	isbn = {3827411629}, 
	keywords = {Software Architecture}, 
	owner = {digital} 
}


@book {zope:weitershausen,
	author="Philipp von Weitershausen",
	title="Web Component Development with Zope 3",
	publisher="Springer",
	year=2006
}

@book {zope:richter,
	author="Stephan Richter",
	title="Zope 3 Developer´s Handbook",
	publisher="Sams Publishing",
	year=2005
}

@book {zope:bible,
	author="Michael Bernstein, Scott Robertson",
	title="Zope Bible",
	publisher="Wiley",
	year=2002
}

@book {zope:book,
	author="Amos Latteier, Michel Pelletier",
	title="The Zope Book",
	publisher="Sams",
	year=2001
}

@book {bruner,
	author="Jerome Bruner",
	title="The Process of Education",
	publisher="Harvard University Press; New Edition (November 1, 2006)",
	year=1960,
	isbn="0674710010"
}
@book {plconcepts,
	author="Carlo Ghezzi, Mehdi Jazayeri",
	title="Programming Language Concepts",
	publisher="Wiley",
	year=1997,
	isbn="0471104264"
}

@book{misc:260999,
 author = {Donald E. Knuth},
 title = {The art of computer programming, volume 1: fundamental algorithms},
 year = {1998},
 isbn = {0201485419},
 publisher = {Addison-Wesley Longman, Amsterdam},
 }

@book {python:duck,
	author="D. Thomas, A. Hunt",
	title="Programming Ruby: A Pragmatic Programmer's Guide",
	publisher="Addison-Wesley",
	year=2000
}

@book {python:euklid,
	author="Euklid, Clemens Thaer",
	title="Die Elemente. Buch I - XIII",
	publisher="Deutsch (Harri)",
	year=2003,
	note="http://aleph0.clarku.edu/%7Edjoyce/java/elements/toc.html"
}

@book {python:forkids,
	author="Gregor Lingl",
	title="Python für Kids",
	publisher="Vmi Buch",
	year=2006
}

@book{318762,
 author = {Kent Beck},
 title = {Extreme programming explained: embrace change},
 year = {2000},
 isbn = {0-201-61641-6},
 publisher = {Addison-Wesley Longman Publishing Co., Inc.},
 address = {Boston, MA, USA},
 }

@phdthesis {python:miller,
	author="John Alexander Miller",
	title="Promoting Computer Literacy through programming Python",
	year=2004,
	school="University of Michigan"
}

@phdthesis {misc:reuse,
	author="Rupert Stützle",
	title="Wiederverwendung ohne Mythos: Empirisch fundierte Leitlinien für die Entwicklung wiederverwendbarer Software",
	year=2002,
	school="Institut für Informatik der Technischen Universität München"
}

@phdthesis {misc:diplinformatikat,
	author="Stefan Posch-Gruber",
	title="Das Unterrichtsfach Informatik im Kontext informatischer Bildung",
	year=2006,
	school="Institut für Softwaretechnologie - Technische Universität Graz"
}

@phdthesis {misc:Modrow,
	author="Eckart Modrow",
	title="Pragmatischer Konstruktivismus und fundamentale Ideen als Leitlinien der Curriculumentwicklung am Beispiel der theoretischen und technischen Informatik",
	year=2002,
	school="Martin-Luther-Universität Halle-Wittenberg"
}

@mastersthesis {python:linkweiler,
	author="Ingo Linkweiler",
	title="Eignet sich die Skriptsprache Python für schnelle Entwicklungen im Softwareentwicklungsprozess?",
	year=2002,
	school="Universität Dortmund"
}

@mastersthesis {misc:cbsestuff,
	author="Axel Anders Kvale",
	title="Empirical Study of Component Based Software Engineering with Aspect Oriented Programming",
	year=2004,
	school="Norwegian University of Science and Technology"
}

@mastersthesis {misc:komponentenmodelle,
	author="Christian Osterrieder",
	title="Komponentenmodelle für Web-Anwendungen",
	year=2004,
	school="Universität Salzburg"
}

@mastersthesis {python:broch,
	author="Roland Broch",
	title="Computergestützte Lernprogramme für die berufliche Weiterbildung in der Kommunikationsindustrie - Computer Based Training im Kontext traditioneller Lehrmethoden",
	year=1997,
	school="Bergische Universität"
}

@mastersthesis {oss:neunert,
	author="Kim Neunert",
	title="Verwendung freier Software in der schulischen Bildung",
	year=2002,
	school="Universität Augsburg"
}

@mastersthesis {Calle,
	author="Calle Lejdfors",
	title="Techniques for implementing embedded domain specific languages in dynamic languages",
	year=2006,
	school="Lund University"
}

@misc{misc:hll,
  key="Federal Standard 1037C",
  title="Federal Standard 1037C",
  howpublished = "General Service Administration",
  year=1996
}

@misc {python:teachingscientific,
	author="Michael Williams",
	title="Teaching scientific programming using Python",
	year=2002
}

@misc {misc:componentssmalltalk,
	author="Alois Stritzinger",
	title="Komponentenbasierte Softwareentwicklung. Konzepte und Techniken für das Programmieren und Modellieren in Smalltalk",
	year=1999
}

@misc {python:pix,
	key="Pixel",
	title="Programming Language Study.",
	howpublished = "\url{http://merd.sourceforge.net/pixel/language-study/}",
	year=2001,
	note = "[Online; Stand 22. Oktober 2006]"
}

@misc {misc:TIOBE,
	key="TIOBE",
	title="TIOBE Programming Community Index",
	howpublished = "\url{http://www.tiobe.com/tpci.htm}",
	year=2007,
	note = "[Online; Stand 21. November 2007]"
}

@misc {zope:futurefaasen,
	author="Martijn Faassen",
	title="Email, Re: interview for my diploma thesis about Zope 3 in education",
	howpublished = "\url{http://mail.zope.org/pipermail/zope3-dev/2007-February/021738.html}",
	year=2007,
	note = "[Online; Stand 18. Februar 2006]"
}

@misc {python:interview1,
	author="Kurt Winterstein",
	title="Email, Re: Anfrage für ein Interview zu meiner Diplomarbeit",
	year=2007,
}

@misc {python:bytesofpython,
	author="CH Swaroop",
	title="A Byte of Python",
	howpublished = "\url{http://www.swaroopch.info/}",
	year=2004,
	note = "[Online; Stand 22. Oktober 2006]"
}

@misc {python:vanrossum,
	author="van Rossum, Guido",
	title="Computer Programming for Everybody: A Scouting Expedition for the Programmers of Tomorrow",
	howpublished = "\url{http://www.python.org/doc/essays/cp4e.html}",
	year=1999,
	note = "CNRI Proposal 90120-1a, Corporation for National Research Initiatives, [Online; Stand 16. Februar 2007]"
}


@misc{python:website,
  key="Python Webseite",
  title="Python Webseite",
  howpublished = "\url{http://www.python.org}",
  year=2006,
  note = "[Online; Stand 22. Oktober 2006]"
}

@misc{misc:urban,
  author="Wolfgang Urban",
  title="Materialien für Mathematik, Physik, Informatik",
  howpublished = "\url{http://www.hib-wien.at/leute/wurban/index.html}",
  note = "[Online; Stand 31. Dezember 2006]",
  year=2006
}

@misc {python:math,
	author="Kirby Urner",
	title="Python in the Mathematics Curriculum",
	howpublished = "\url{http://www.python.org/pycon/dc2004/papers/15/}",
	year=2004,
	note = "[Online; Stand 6. Jänner 2007]"
}

@misc {oss:freesoftware,
	author="Richard Stallman",
	title="Why schools should use exclusively free software",
	howpublished = "\url{http://www.gnu.org/philosophy/schools.html}",
	year=2003,
	note = "[Online; Stand 7. Jänner 2007]"
}

@misc {oss:ossgrassmuck,
	author="Volker Grassmuck",
	title="Freie Software: Zwischen Privat- und Gemeineigentum",
	howpublished = "\url{http://freie-software.bpb.de/Grassmuck.pdf}",
	year=2004,
	note = "Bundeszentrale für politische Bildung, [Online; Stand 7. Jänner 2007]"
}



@article{python:scriptinglanguages,
   author = "John K. Ousterhout",
   title = " Scripting: Higher Level Programming for the 21st Century",
   journal = "IEEE Computer magazine",
   volume = "März",
   year = 1998,
}

@article{oss:freiesoftwareundbildung,
   author = "Peter Bingel",
   title = "Von Freier Software und Bildung",
   journal = "Linux Magazin",
   volume = "03",
   year = 2000,
   howpublished = "\url{http://www.linux-magazin.de/Artikel/ausgabe/2000/03/Schule3/schule3.html}",
}


@article{zope:ctarticle1,
   author = "Erik Möller",
   title = "Applikations-Baukasten",
   journal = "c't",
   volume = "1",
   year = 2005,
}

@article{zope:linuxmagazine1,
   author = "Philipp von Weitershausen",
   title = "Formula X, Developing Web Appplications with Zope X3",
   journal = "Linux Magazine",
   volume = "54",
   year = 2005,
}

@article{zope:ixarticle1,
   author = "Philipp von Weitershausen",
   title = "Agil serviert, Zope X3.0 mit Komponentenarchitektur",
   journal = "iX",
   volume = "8",
   year = 2005,
}

@article{misc:milbrandt,
   author = "G. Millbrandt",
   title = "Using problem solving to teach a programming language in computer studies",
   journal = "Journal Of Computer Science Education",
   volume = "8",
   number = "2",
   year = 1993,
}

@article{misc:palumbo,
   author = "David B. Palumbo",
   title = "Programming Language/Problem-Solving Research: A Review of Relevant Issues",
   journal = "Review of Educational Research",
   volume = "60",
   number = "1",
   year = 1990
}

@article{misc:deRaadt,
   author = "M. deRaadt and R. Watson and M. Toleman",
   title = "Language Trends in Introductionary Programming Courses",
   journal = "Informing Science and IT Education Conference",
   page = "329-337",
   year = 2002
}

@techreport{python:industry1,
	author="Linda Mannila, Michael deRaadt",
	title="An Objective Comparison of Languages for Teaching Introductory Programming",
	year=2006,
	institution="Åbo Akademi University, University of Southern Queensland",
} 

@techreport{python:industry2,
	author="M. deRaadt, R. Watson",
	title="Language Tug-Of-War: Industry Demand and Academic Choice",
	year=2003,
	institution="University of Southern Queensland",
} 

@article{563353,
 author = {Charlie McDowell and Linda Werner and Heather Bullock and Julian Fernald},
 title = {The effects of pair-programming on performance in an introductory programming course},
 journal = {SIGCSE Bull.},
 volume = {34},
 number = {1},
 year = {2002},
 issn = {0097-8418},
 pages = {38--42},
 doi = {http://doi.acm.org/10.1145/563517.563353},
 publisher = {ACM Press},
 address = {New York, NY, USA},
 }
 
@article{10.1109/CMPSAC.1996.544597,
author = {Jim Q. Ning},
title = {A Component-Based Software Development Model},
journal = {compsac},
volume = {00},
year = {1996},
isbn = {0-8186-7579-9},
pages = {0389},
doi = {http://doi.ieeecomputersociety.org/10.1109/CMPSAC.1996.544597},
publisher = {IEEE Computer Society},
address = {Los Alamitos, CA, USA},
}

@article{misc:stephenson,
   author = "C. Stephenson and T. West",
   title = "Language choice and key concepts in cs 1",
   journal = "Journal of Research on Computing Education",
   volume = "31",
   number = "1",
   year = 1998
}

@inproceedings{python:CRPITV52P71-80,
 author = {Linda Grandell, Mia Peltomaki, Ralph-Johan Back and Tapio Salakoski},
 title = {Why complicate things?: introducing programming in high school using Python},
 booktitle = {ACE '06: Proceedings of the 8th Australian conference on Computing education},
 year = {2006},
 isbn = {1-920682-34-1},
 pages = {71--80},
 location = {Hobart, Australia},
 publisher = {Australian Computer Society, Inc.},
 address = {Darlinghurst, Australia, Australia},
 }

@inproceedings{misc:placer,
 author = {John Placer},
 title = {The promise of multiparadigm languages as pedagogical tools},
 booktitle = {CSC '93: Proceedings of the 1993 ACM conference on Computer science},
 year = {1993},
 pages = {81--86},
 location = {Indianapolis, Indiana, United States},
 }

@inproceedings{misc:westbrook,
 author = {D.S. Westbrook},
 title = {A multiparadigm language approach to teaching principles ofprogramming languages},
 booktitle = {Frontiers in Education Conference, 1999. FIE '99. 29th Annual},
 year = {1999},
 pages = {11B3/14-11B3/18},
 location = {San Juan, Puerto Rico},
 }
 
@inproceedings{misc:803190,
 author = {Peter Freeman and Anthony I. Wasserman},
 title = {A proposed curriculum for software engineering education},
 booktitle = {ICSE '78: Proceedings of the 3rd international conference on Software engineering},
 year = {1978},
 isbn = {none},
 pages = {56--62},
 location = {Atlanta, Georgia, United States},
 publisher = {IEEE Press},
 address = {Piscataway, NJ, USA},
 }

@inproceedings{python:fulton,
 author = {Jim Fulton},
 title = {Introduction to the Zope Object Database},
 booktitle = {Proceedings of the 8th International Python Conference},
 year = {2000},
 location = {Arlington, VA},
 }
  
@incollection{DBLP:books/el/leeuwen90/Barendregt90,
  author    = {Hendrik Pieter Barendregt},
  title     = {Functional Programming and Lambda Calculus.},
  booktitle = {Handbook of Theoretical Computer Science, Volume B: Formal
               Models and Sematics (B)},
  year      = {1990},
  pages     = {321-363},
  bibsource = {DBLP, http://dblp.uni-trier.de}
}

@inproceedings{python:chou-pyalgs,
	Author = {P. H. Chou},
	Booktitle = {Proceedings of Python 10},
	Title = {Algorithm Education in Python},
	Url = {http://www.ece.uci.edu/~chou/py02/python.html},
	Year = {2002}
}

@inproceedings{oss:utopia,
	Author = {Christian F. Görlich, Ludger Humbert},
	Title = {Open Source - die Rückkehr der Utopie? Philosophische Miszellen},
	BookTitle = {Open Source Jahrbuch 2005. Zwischen Softwareentwicklung und Gesellschaftsmodell},
	Publisher = {Bernd Lutterbeck, Robert A Gehring , Matthias Bärwolff},
	Year = {2005}
}

@inproceedings{336592,
 author = {Mary Shaw},
 title = {Software engineering education: a roadmap},
 booktitle = {ICSE '00: Proceedings of the Conference on The Future of Software Engineering},
 year = {2000},
 isbn = {1-58113-253-0},
 pages = {371--380},
 location = {Limerick, Ireland},
 doi = {http://doi.acm.org/10.1145/336512.336592},
 publisher = {ACM Press},
 address = {New York, NY, USA},
 }
 
@inproceedings{364614,
 author = {Laurie Williams and Richard L. Upchurch},
 title = {In support of student pair-programming},
 booktitle = {SIGCSE '01: Proceedings of the thirty-second SIGCSE technical symposium on Computer Science Education},
 year = {2001},
 isbn = {1-58113-329-4},
 pages = {327--331},
 location = {Charlotte, North Carolina, United States},
 doi = {http://doi.acm.org/10.1145/364447.364614},
 publisher = {ACM Press},
 address = {New York, NY, USA},
 }
 
@inproceedings{misc:xpstuff,
 author = {L.A. Williams, R.R. Kessler},
 title = {The effects of "'pair-pressure"' and "'pair-learning"' on software engineering education},
 booktitle = {Software Engineering Education \& Training, 2000},
 year = {2000},
 isbn = {0-7695-0421-3},
 pages = {59-65},
 location = {Utah Univ., Salt Lake City, UT, USA},
 }
 
@inproceedings{misc:testingsurvey,
 author = {Richard Torkar and Stefan Mankefors},
 title = {A Survey on Testing and Reuse},
 booktitle = {SwSTE '03: Proceedings of the IEEE International Conference on Software-Science, Technology \& Engineering},
 year = {2003},
 location = {University of Trollhättan/Uddevalla, SE-46129 Trollhättan, Sweden},
 }
 
@inproceedings{952753,
 author = {Boby George and Laurie Williams},
 title = {An initial investigation of test driven development in industry},
 booktitle = {SAC '03: Proceedings of the 2003 ACM symposium on Applied computing},
 year = {2003},
 isbn = {1-58113-624-2},
 pages = {1135--1139},
 location = {Melbourne, Florida},
 doi = {http://doi.acm.org/10.1145/952532.952753},
 publisher = {ACM Press},
 address = {New York, NY, USA},
 }
 
@inproceedings{misc:pycon2004doctest,
 author = {Jim Fulton and Tim Peters},
 title = {Literate Testing: Automated Testing with doctest},
 booktitle = {Pycon 2004},
 year = {2004},
 location = {GWU Cafritz Conference Center, Washington, D.C.},
 }
 
@inproceedings{misc:goeschka_kos,
 author = {Karl Michael Goeschka},
 title = {Component Based Software Engineering, Teil 1},
 booktitle = {FH Technikum Wien, Studiengang ICSS, Lehrveranstaltung Komponentensysteme},
 year = {2005}
}

@techreport{python:firstlanguage1,
	author="BN Miller, DL Ranum",
	title="Teaching an Introductory Computer Science Sequence with Python",
	howpublished = "\url{http://www.cs.luther.edu/~bmiller/Papers/paper20.pdf}",
	year=2005,
	institution="Luther College, Iowa",
}

@inproceedings{python:firstlanguage2,
 author = {Tony Jenkins},
 title = {The First Language - A Case for Python?},
 booktitle = {4th Annual LTSN-ICS Conference (Galway)},
 year = {2003},
 pages = {7},
 }

@article{python:firstlanguage5,
 author = {Christine Shannon},
 title = {Another breadth-first approach to CS I using python},
 journal = {SIGCSE Bull.},
 volume = {35},
 number = {1},
 year = {2003},
 issn = {0097-8418},
 pages = {248--251},
 doi = {http://doi.acm.org/10.1145/792548.611980},
 publisher = {ACM Press},
 address = {New York, NY, USA},
 }

@inproceedings{python:firstlanguage6,
 author = {Atanas Radenski},
 title = {"Python first": a lab-based digital introduction to computer science},
 booktitle = {ITICSE '06: Proceedings of the 11th annual SIGCSE conference on Innovation and technology in computer science education},
 year = {2006},
 isbn = {1-59593-055-8},
 pages = {197--201},
 location = {Bologna, Italy},
 doi = {http://doi.acm.org/10.1145/1140124.1140177},
 publisher = {ACM Press},
 address = {New York, NY, USA},
 }

@techreport{python:firstlanguage7,
	author="John M. Zelle",
	title="Python as a First Language",
	howpublished = "\url{http://mcsp.wartburg.edu/zelle/python/python-first.html}",
	year=1998,
	institution="Wartburg College",
}

@article{python:firstlanguage8,
 author = {Joseph D. Oldham},
 title = {What happens after Python in CS1?},
 journal = {J. Comput. Small Coll.},
 volume = {20},
 number = {6},
 year = {2005},
 pages = {7--13},
 publisher = {Consortium for Computing Sciences in Colleges},
 address = {, USA},
 }

@techreport{python:firstlanguage9,
	author="Frank Stajano",
	title="Python in Education: Raising a Generation of Native Speakers",
	howpublished = "\url{http://python.project.cwi.nl/workshops/2000-01/proceedings/papers/stajano/stajano.html}",
	year=2000,
	institution="University of Cambridge",
}

@techreport{python:firstlanguage10,
	author="Jeffrey Elkner",
	title="Using Python in a High School Computer Science Program",
	howpublished = "\url{http://www.python.org/workshops/2000-01/proceedings/papers/elkner/pyYHS.html}",
	year=2000,
	institution="Yorktown High School, Arlington, Virginia",
}

@article{python:firstlanguage11,
 author = {Holly Patterson-McNeill},
 title = {Experience: from C++ to Python in 3 easy steps},
 journal = {J. Comput. Small Coll.},
 volume = {22},
 number = {2},
 year = {2006},
 pages = {92--96},
 publisher = {Consortium for Computing Sciences in Colleges},
 address = {, USA},
 }
 
 @article{misc:pascal,
 author = {Niklaus Wirth},
 title = {The programming language pascal},
 journal = {Acta Informatica},
 volume = {1},
 number = {1},
 year = {1971},
 pages = {35-63},
 publisher = {Springer Berlin / Heidelberg},
 }
 
